@misc{MVCGoogle,
  journal = {Google},
  title = {MVC Architecture},
  howpublished = {\emph{Developer Chrome} [online]. Silicon Valley: Google},
  address = {Silicon Valley},
  year = {© 2017},
  URL = {https://developer.mozilla.org/en-US/Apps/Fundamentals/Modern_web_app_architecture/MVC_architecture},
  note = "{[cit. 2017-08-29]}"
}

@misc{MVCMozilla,
  journal = {Mozilla},
  title = {MVC Architecture},
  howpublished = {\emph{MDN web docs} [online]. Mountain View, California, United States: Mozilla and individual contributors},
  address = {Mountain View, California, United States},
  year = {© 2005-2017},
  URL = {https://developer.mozilla.org/cs/},
  note = "{[cit. 2017-08-29]}"
}
@misc{mvc-pic,
  journal = {Apple Developer},
  title = {Model-View-Controller.},
  publisher = {Apple Inc.},
  howpublished = {\emph{Apple Developer} [online]. California, U.S.: Apple Inc.},
  year = {© 2015},
  URL = {https://developer.apple.com/library/content/documentation/General/Conceptual/DevPedia-CocoaCore/MVC.html},
  note = "{[cit. 2017-08-29]}"
}
@article{mvc-apple-pic,
  author = {Bohdan Orlov},
  journal = {\emph{In:} Medium \emph{[online]}},
  title = {Realistic Cocoa MVC},
  year = {2015},
  URL = {https://cdn-images-1.medium.com/max/800/1*PkWjDU0jqGJOB972cMsrnA.png},
  note = "{[cit. 2017-08-29]}"
}
@article{Orlov,
  author = {Bohdan Orlov},
  journal = {Medium \emph{[online]}},
  title = {IOS Architecture Patterns},
  year = {2015},
  URL = {https://medium.com/ios-os-x-development/ios-architecture-patterns-ecba4c38de52},
  note = "{[cit. 2017-08-29]}"
}
@misc{MVVMMicrosoft,
  journal = {Microsoft Developer Network},
  title = {The MVVM Pattern},
  publisher = {Microsoft},
  howpublished = {\emph{Microsoft Developer Network } [online]. Washington, U.S.: Microsoft},
  address = {Washington, U.S.},
  year = {© 2017},
  URL = {https://msdn.microsoft.com/en-us/library/hh848246.aspx},
  note = "{[cit. 2017-08-29]}"
}
@article{Morrison,
  author = {John Morrison and Mike Schmidt},
  journal = {CapTech},
  title = {IOS Design Patterns: MVC and MVVM},
  publisher = {CapTech Ventures, Inc.},
  year = {2014},
  URL = {https://www.captechconsulting.com/blogs/ios-design-patterns-mvc-and-mvvm},
  note = "{[cit. 2017-08-29]}"
}
@article{mvvm-pic,
  author = {Bohdan Orlov},
  journal = {\emph{In:} Medium \emph{[online]}},
  title = {MVVM},
  year = {2015},
  URL = {https://cdn-images-1.medium.com/max/800/1*uhPpTHYzTmHGrAZy8hiM7w.png},
  note = "{[cit. 2017-08-30]}"
}
@misc{VIPER,
  journal = {Objc},
  title = {Architecting iOS Apps with VIPER},
  publisher = {Objc.io},
  howpublished = {\emph{Objc} [online]. Berlin: Objc.io},
  address = {Berlin},
  year = {2013},
  URL = {https://www.objc.io/issues/13-architecture/viper/},
}
@article{viper-pic,
  author = {Bohdan Orlov},
  journal = {\emph{In:} Medium \emph{[online]}},
  title = {VIPER},
  year = {2015},
  URL = {https://cdn-images-1.medium.com/max/800/1*0pN3BNTXfwKbf08lhwutag.png},
  note = "{[cit. 2017-08-30]}"
}
@inproceedings{Ztaltz2014,
  author = {Andre Staltz},
  booktitle = {GitHubGist},
  title = {The introduction to Reactive Programming you've been missing},
  publisher = {GitHub},
  address = {California, US.},
  year = {2014},
  URL = {https://gist.github.com/staltz/868e7e9bc2a7b8c1f754},
  note = "{[cit. 2017-09-01]}"
}

@misc{technopediaFRP,
  journal = {Technopedia},
  title = {Functional Reactive Programming (FRP)},
  publisher = {Techopedia Inc.},
  howpublished = {\emph{Technopedia} [online]. Techopedia Inc.},
  year = {© 2017},
  URL = {https://www.techopedia.com/definition/29571/functional-reactive-programming-frp},
  note = "{[cit. 2017-09-01]}"
}

@book{Blackheath2016,
  author = {Stephen Blackheath and Anthony Jones},
  title = {Functional reactive programming},
  publisher = {Manning Publications},
  address = {United States},
  year = {2016},
  ISBN = {978-163-3430-105},
}
@misc{ReactiveSwift,
  journal = {GitHub},
  title = {ReactiveSwift},
  publisher = {GitHub Inc.},
  howpublished = {\emph{GitHub} [online]. California, US.: GitHub Inc.},
  address = {California, US.},
  year = {© 2017},
  URL = {https://github.com/ReactiveCocoa/ReactiveSwift},
  note = "{[cit. 2017-09-01]}"
}
@misc{ReactiveCocoa,
  journal = {GitHub},
  title = {ReactiveCocoa},
  publisher = {GitHub Inc.},
  howpublished = {\emph{GitHub} [online]. California, US.: GitHub Inc.},
  address = {California, US.},
  year = {© 2017},
  URL = {https://github.com/ReactiveCocoa/ReactiveCocoa},
  note = "{[cit. 2017-09-01]}"
}
















@MANUAL{svgspec,
    title = "Scalable Vector Graphics (SVG) 1.1 Specification {[online]}",
    organization = "WWW Consorcium",
    url = "http://www.w3.org/TR/2003/REC-SVG11-20030114/",
    note = "[cit. 2011-07-07]",
    key = "svg"
}

@INBOOK{kobltypo,
	title = "Praktick{\' a} typografie",
	author = "Pavel Ko{\v c}i{\v c}ka and Filip Blazek",
	publisher = "Brno: Computer Press",
	year = "2004"
}

@BOOK{rybicka,
	title = "LaTeX pro za\v c\'ate\v cn\'\i{}ky",
	author = "Ji{\v r}{\' i} Rybicka",
	isbn = "80-7302-049-1",
	publisher = "Brno: Konvoj",
	edition = "3"
}

@MANUAL{iso690,
	organization = "\'U\v rad pro technickou normalizaci, metrologii a st\'atn\'\i{} zku\v sebnictv\'\i{}",
	title = "\v CSN ISO 690 Informace a dokumentace -- Pravidla pro bibliografick\'e odkazy a citace informa\v cn\'\i{}ch zdroj{\r u}",
	year = "2011"
}


@ARTICLE {sitova-karta-s-fpga-xilinx,
    title  = "Síťová karta s FPGA Xilinx pro 1 a 10GbE",
    journal = "V: Pandatron - elektrotechnický magazín {[online]}",
    howpublished = "[online]",
    month  = "červen",
    year   = "2013",
    note = "[cit. 2015-10-31]",
    url    = "http://pandatron.cz/?2939&sitova_karta_s_fpga_xilinx_pro_1_a_10gbe"
}
